<record><leader>00000cas a22000007a 4500</leader><controlfield tag="001">9274969</controlfield><controlfield tag="008">830303d19071926couwr ne      0    0ita d</controlfield><datafield ind1=" " ind2=" " tag="010"><subfield code="a">sn 83045009 </subfield></datafield><datafield ind1=" " ind2=" " tag="040"><subfield code="a">CRL</subfield><subfield code="b">eng</subfield><subfield code="c">CRL</subfield><subfield code="d">NPW</subfield><subfield code="d">CNQ</subfield><subfield code="d">CRL</subfield><subfield code="d">CNQ</subfield><subfield code="d">OCLCQ</subfield><subfield code="d">OCLCF</subfield><subfield code="d">OCLCO</subfield></datafield><datafield ind1="1" ind2=" " tag="029"><subfield code="a">AU@</subfield><subfield code="b">000025807983</subfield></datafield><datafield ind1=" " ind2=" " tag="042"><subfield code="a">msc</subfield></datafield><datafield ind1=" " ind2=" " tag="043"><subfield code="a">n-us-co</subfield></datafield><datafield ind1="0" ind2=" " tag="130"><subfield code="a">Capitale (Denver, Colo.)</subfield></datafield><datafield ind1="1" ind2="3" tag="245"><subfield code="a">La capitale.</subfield></datafield><datafield ind1=" " ind2=" " tag="260"><subfield code="a">Denver, Colo. :</subfield><subfield code="b">La Capitale Pub. Co.</subfield></datafield><datafield ind1=" " ind2=" " tag="300"><subfield code="a">v.</subfield></datafield><datafield ind1=" " ind2=" " tag="310"><subfield code="a">Weekly</subfield></datafield><datafield ind1="1" ind2=" " tag="362"><subfield code="a">Began in 1907; ceased in 1926?</subfield><subfield code="z">Cf. Gregory, W. Amer. newspapers.</subfield></datafield><datafield ind1=" " ind2=" " tag="515"><subfield code="a">Numbering irregular.</subfield></datafield><datafield ind1=" " ind2=" " tag="546"><subfield code="a">In Italian.</subfield></datafield><datafield ind1=" " ind2=" " tag="580"><subfield code="a">Christmas issue for Dec. 16, 1922 published in combination with Il Vindice (Pueblo, Colo.) and Corriere di Trinidad (Trinidad, Colo.); Easter issue for Mar. 24, 1923 published in combination with Il Vindice.</subfield></datafield><datafield ind1=" " ind2=" " tag="588"><subfield code="a">Description based on: Anno 1., n. 89 (25 dic. 1907).</subfield></datafield><datafield ind1=" " ind2="0" tag="650"><subfield code="a">Italians</subfield><subfield code="z">Colorado</subfield><subfield code="v">Newspapers.</subfield></datafield><datafield ind1=" " ind2="7" tag="655"><subfield code="a">Newspapers.</subfield><subfield code="2">fast</subfield><subfield code="0">(OCoLC)fst01423814</subfield></datafield><datafield ind1=" " ind2="7" tag="650"><subfield code="a">Italians.</subfield><subfield code="2">fast</subfield><subfield code="0">(OCoLC)fst00980750</subfield></datafield><datafield ind1=" " ind2="7" tag="651"><subfield code="a">Colorado.</subfield><subfield code="2">fast</subfield><subfield code="0">(OCoLC)fst01210251</subfield></datafield><datafield ind1=" " ind2=" " tag="752"><subfield code="a">United States</subfield><subfield code="b">Colorado</subfield><subfield code="c">Denver</subfield><subfield code="d">Denver.</subfield></datafield><datafield ind1="1" ind2=" " tag="787"><subfield code="t">Vindice</subfield><subfield code="w">(DLC)sn 83045414</subfield><subfield code="w">(OCoLC)9451744</subfield></datafield><datafield ind1="1" ind2=" " tag="787"><subfield code="t">Corriere di Trinidad</subfield><subfield code="w">(DLC)sn 90051779</subfield></datafield></record>